<?xml version="1.0" encoding="UTF-8"?><collection xmlns="http://www.loc.gov/MARC21/slim"><record><leader>00491nam--2200193-u-4500</leader><controlfield tag="001">000056074</controlfield><controlfield tag="002">20161230</controlfield><controlfield tag="005">20161230201052</controlfield><controlfield tag="008">141208s1000------------r-----000-0-rus-d</controlfield><datafield ind1=" " ind2=" " tag="040"><subfield code="a">IFIN-HH</subfield></datafield><datafield ind1=" " ind2=" " tag="041"><subfield code="a">rus</subfield></datafield><datafield ind1=" " ind2=" " tag="080"><subfield code="a">523.64</subfield></datafield><datafield ind1="1" ind2=" " tag="100"><subfield code="a">Andrienko, D.A</subfield></datafield><datafield ind1="1" ind2="0" tag="245"><subfield code="a">Fiziceskie harakteristikih komet 1976-1980gg</subfield><subfield code="c">D.a. andrienko, a.v. karpenko</subfield></datafield><datafield ind1=" " ind2=" " tag="260"><subfield code="a">Moskva</subfield><subfield code="b">Nauka</subfield><subfield code="c">1987</subfield></datafield><datafield ind1=" " ind2=" " tag="300"><subfield code="a">150P</subfield></datafield><datafield ind1="1" ind2=" " tag="700"><subfield code="a">Karpenko, A.V</subfield></datafield><datafield ind1=" " ind2=" " tag="852"><subfield code="a">74527</subfield><subfield code="c">523</subfield></datafield><datafield ind1=" " ind2=" " tag="CAT"><subfield code="a">Sys</subfield><subfield code="c">20141208</subfield><subfield code="h">170550</subfield></datafield></record></collection>